<?xml version="1.0" encoding="UTF-8"?><collection xmlns="http://www.loc.gov/MARC21/slim"><record><leader>00615nam--2200205-i-4500</leader><controlfield tag="001">000031987</controlfield><controlfield tag="002">20161230</controlfield><controlfield tag="005">20161230201038</controlfield><controlfield tag="008">060222s1000------------r-----000-0-ger-d</controlfield><datafield ind1=" " ind2=" " tag="040"><subfield code="a">IFIN-HH</subfield></datafield><datafield ind1=" " ind2=" " tag="041"><subfield code="a">ger</subfield></datafield><datafield ind1=" " ind2=" " tag="080"><subfield code="a">539.16.08</subfield></datafield><datafield ind1="1" ind2=" " tag="100"><subfield code="a">Geiger, H</subfield></datafield><datafield ind1="1" ind2="0" tag="245"><subfield code="a">Messmethoden auf dem gebiete der radioaktivitat</subfield><subfield code="c">H. geiger, w. makower</subfield></datafield><datafield ind1=" " ind2=" " tag="260"><subfield code="a">Braunschweig</subfield><subfield code="b">Druck Und Verlag Von Fr. Vieweg &amp; Sohn</subfield><subfield code="c">1920</subfield></datafield><datafield ind1=" " ind2=" " tag="300"><subfield code="a">156.P</subfield></datafield><datafield ind1=" " ind2=" " tag="490"><subfield code="a">Die Wissenschaft Eizeldarstellungen Aus Der Naturwissenschaft Und Der Technik</subfield></datafield><datafield ind1="1" ind2=" " tag="700"><subfield code="a">Makower, W</subfield></datafield><datafield ind1=" " ind2=" " tag="852"><subfield code="a">44557</subfield><subfield code="c">H.H</subfield></datafield><datafield ind1=" " ind2=" " tag="CAT"><subfield code="a">Sys</subfield><subfield code="c">20130411</subfield><subfield code="h">160939</subfield></datafield></record></collection>